%% This BibTeX bibliography file was created using BibDesk.
%% https://bibdesk.sourceforge.io/

%% Created for Tommaso Rigon at 2020-12-03 14:46:37 +0100 


%% Saved with string encoding Unicode (UTF-8) 



@book{azzalini,
	author = {Azzalini, A.},
	location = {Milano},
	publisher = {Springer Verlag},
	title = {Inferenza Statistica},
	year = {2008}}

@book{pacesalvan,
	author = {Pace, L. and Salvan, A.},
	location = {Milano},
	publisher = {Cedam},
	title = {Introduzione alla statistica II},
	year = {2001}}

@article{boxcox,
	author = {Box, G.E.P. and Cox, D.R.},
	journaltitle = {Journal of the Royal Statistical Society},
	pages = {211-243},
	series = {B},
	title = {An analysis of transformation},
	year = {1964}}

@article{bickdock,
	author = {Bickel, P.J. and Doksum, A.},
	journaltitle = {Journal of the American Statistical Association},
	pages = {296-311},
	title = {An analysis of transformations revisited},
	volume = {76},
	year = {1981}}

@report{peng,
	author = {Pengfei, Li},
	institution = {University of Connecticut},
	title = {Box-Cox transformation: an overview},
	year = {2005}}

@report{scott,
	author = {Scott, H.},
	institution = {Montana State University},
	title = {A likelihood based inference on the Box-Cox family of transformation: SAS and Matlab programs},
	year = {1999}}

@article{spitzer,
	author = {Spitzer, J. J.},
	journaltitle = {The Review of Economics and Statistics},
	pages = {307-313},
	title = {A primer on Box-Cox estimation},
	year = {1982}}

@article{sakia:boxcoxreview,
	author = {Sakia, R. M.},
	journaltitle = {Journal of the Royal Statistical Society},
	pages = {169-178},
	series = {B},
	title = {The Box-Cox Transformation Technique: A Review},
	year = {1992}}

@book{mccullaghnelder:glm,
	author = {McCullagh, P. and Nelder, J. A.},
	location = {London},
	publisher = {Chapman e Hall},
	title = {Generalized linear models},
	year = {1989}}

@manual{rproject,
	address = {Vienna, Austria},
	author = {{R Core Team}},
	note = {{ISBN} 3-900051-07-0},
	organization = {R Foundation for Statistical Computing},
	title = {R: A Language and Environment for Statistical Computing},
	url = {http://www.R-project.org/},
	year = {2012},
	Bdsk-Url-1 = {http://www.R-project.org/}}

@article{tukey:comparative,
	author = {Tukey, J. W.},
	journaltitle = {Annals of Mathematical Statistics},
	pages = {602-632},
	title = {On the comparative anatomy of transformation diagnostics},
	year = {1957}}

@book{ross:prob,
	author = {Ross, S. M.},
	location = {Milano},
	publisher = {Apogeo},
	title = {Calcolo delle probabilita'},
	year = {2007}}

@online{wiki:regress,
	title = {Wikipedia, Modello Lineare},
	url = {http://it.wikipedia.org/wiki/Regressione_lineare},
	year = {2013},
	Bdsk-Url-1 = {http://it.wikipedia.org/wiki/Regressione_lineare}}
