# GENERALIZED BAYES PROJECT

@article{miller2018robust,
  title={Robust {B}ayesian inference via coarsening},
  author={Miller, Jeffrey W and Dunson, David B},
  journal={Journal of the American Statistical Association},
  year={2018},
  volume={114},
  number={527},
  pages={1113-1125},
  publisher={Taylor \& Francis}
}

@book{Cinlar2011,
author = {Cinlar, Erhan},
publisher = {Springer},
title = {{Probability and Stochastics}},
year = {2011}
}


@article{bissiri2016general,
  title={A general framework for updating belief distributions},
  author={Bissiri, Pier Giovanni and Holmes, Chris C and Walker, Stephen G},
  journal={Journal of the Royal Statistical Society: Series B (Statistical Methodology)},
  volume={78},
  number={5},
  pages={1103--1130},
  year={2016},
  publisher={Wiley Online Library}
}

@book{pace1997principles,
  title={Principles of statistical inference: from a Neo-Fisherian perspective},
  author={Pace, Luigi and Salvan, Alessandra},
  volume={4},
  year={1997},
  publisher={World scientific}
}

@book{agresti2015foundations,
  title={Foundations of linear and generalized linear models},
  author={Agresti, Alan},
  year={2015},
  publisher={John Wiley \& Sons}
}

@book{mccullagh1989generalized,
  title={Generalized Linear Models},
  author={McCullagh, Peter and Nelder, John A},
  year={1989},
  publisher={Chapman \& Hall}
}

@article{jorgensen1987exponential,
  title={Exponential dispersion models},
  author={J{\o}rgensen, Bent},
  journal={Journal of the Royal Statistical Society: Series B (Methodological)},
  volume={49},
  number={2},
  pages={127--145},
  year={1987},
  publisher={Wiley Online Library}
}

@article{holmes2017assigning,
  title={Assigning a value to a power likelihood in a general {B}ayesian model},
  author={Holmes, Chris C and Walker, Stephen G},
  journal={Biometrika},
  volume={104},
  number={2},
  pages={497--503},
  year={2017},
  publisher={Oxford University Press}
}

@article{lyddon2019general,
  title={General {B}ayesian updating and the loss-likelihood bootstrap},
  author={Lyddon, Simon P and Holmes, C C and Walker, S G},
  journal={Biometrika},
  volume={106},
  number={2},
  pages={465--478},
  year={2019},
  publisher={Oxford University Press}
}

@article{nelder1972generalized,
  title={Generalized linear models},
  author={Nelder, John Ashworth and Wedderburn, Robert WM},
  journal={Journal of the Royal Statistical Society: Series A (General)},
  volume={135},
  number={3},
  pages={370--384},
  year={1972},
  publisher={Wiley Online Library}
}

@book{gelman2006data,
  title={Data analysis using regression and multilevel/hierarchical models},
  author={Gelman, Andrew and Hill, Jennifer},
  year={2007},
  publisher={Cambridge university press}
}

@inproceedings{hinde1982compound,
  title={Compound {P}oisson regression models},
  author={Hinde, John},
  booktitle={Glim 82: Proceedings of the international conference on generalised linear models},
  pages={109--121},
  year={1982},
  organization={Springer}
}

@article{liang1993case,
  title={Case studies in binary dispersion},
  author={Liang, Kung-Yee and McCullagh, Peter},
  journal={Biometrics},
  pages={623--630},
  year={1993},
  publisher={JSTOR}
}

@article{anderson1988some,
  title={Some models for overdispersed binomial data},
  author={Anderson, Dorothy A},
  journal={Australian Journal of Statistics},
  volume={30},
  number={2},
  pages={125--148},
  year={1988},
  publisher={Wiley Online Library}
}

@book{mosteller2012applied,
  title={Applied Bayesian and classical inference: the case of the {F}ederalist papers},
  author={Mosteller, Frederick and Wallace, David L},
  year={1964},
  publisher={Springer},
  note={Reprinted 1984}
}

@book{gelman2013bayesian,
  title={Bayesian Data Analysis (3rd ed.)},
  author={Gelman, Andrew and Carlin, John B and Stern, Hal S and Dunson, David B and Vehtari, Aki and Rubin, Donald B},
  year={2013},
  publisher={Chapman and Hall/CRC}
}

@article{wedderburn1974quasi,
  title={Quasi-likelihood functions, generalized linear models, and the {G}auss-{N}ewton method},
  author={Wedderburn, Robert WM},
  journal={Biometrika},
  volume={61},
  number={3},
  pages={439--447},
  year={1974},
  publisher={Oxford University Press}
}

@article{bhattacharya2019bayesian,
  title={Bayesian fractional posteriors},
  author={Bhattacharya, Anirban and Pati, Debdeep and Yang, Yun},
  journal={Annals of Statistics},
  volume={47},
  number={1},
  pages={39--66},
  year={2019}
}

@article{muller2013risk,
  title={Risk of {B}ayesian inference in misspecified models, and the sandwich covariance matrix},
  author={M{\"u}ller, Ulrich K},
  journal={Econometrica},
  volume={81},
  number={5},
  pages={1805--1849},
  year={2013},
  publisher={Wiley Online Library}
}

@article{grunwald2017inconsistency,
  title={Inconsistency of {B}ayesian inference for misspecified linear models, and a proposal for repairing it},
  author={Gr{\"u}nwald, Peter and Van Ommen, Thijs},
  journal={Bayesian Analysis},
  volume={12},
  number={4},
  pages={1069--1103},
  year={2017}
}

@article{zhang2006information,
  title={Information-theoretic upper and lower bounds for statistical estimation},
  author={Zhang, Tong},
  journal={IEEE Transactions on Information Theory},
  volume={52},
  number={4},
  pages={1307--1321},
  year={2006},
  publisher={IEEE}
}

@article{royall2003interpreting,
  title={Interpreting statistical evidence by using imperfect models: robust adjusted likelihood functions},
  author={Royall, Richard and Tsou, Tsung-Shan},
  journal={Journal of the Royal Statistical Society: Series B (Statistical Methodology)},
  volume={65},
  number={2},
  pages={391--404},
  year={2003},
  publisher={Wiley Online Library}
}

@article{jiang2008gibbs,
  title={Gibbs posterior for variable selection in high-dimensional classification and data mining},
  author={Jiang, Wenxin and Tanner, Martin A},
  year={2008},
  journal={{A}nnals of {S}tatistics},
  volume={36},
  number={5},
  pages={2207--2231}
}

@article{ruli2020robust,
  title={Robust approximate {B}ayesian inference},
  author={Ruli, Erlis and Sartori, Nicola and Ventura, Laura},
  journal={Journal of Statistical Planning and Inference},
  volume={205},
  pages={10--22},
  year={2020},
  publisher={Elsevier}
}

@article{yin2009gmm,
  title = {Bayesian generalized methood of moments},
  author = {Yin, Guosheng},
  journal = {Bayesian Analysis},
  year = {2009},
  volume = {4},
  number = {2},
  pages = {119--208}
}

@article{mccullagh1983quasi,
  title={Quasi-likelihood functions},
  author={McCullagh, Peter},
  journal={{A}nnals of {S}tatistics},
  volume={11},
  number={1},
  pages={59--67},
  year={1983},
  publisher={Institute of Mathematical Statistics}
}

@article{lin2006quasi,
  title={Quasi {B}ayesian likelihood},
  author={Lin, Lu},
  journal={Statistical Methodology},
  volume={3},
  number={4},
  pages={444--455},
  year={2006},
  publisher={Elsevier}
}

@article{salvan2010bayesian,
  title={{B}ayesian analysis in regression models using pseudo-likelihoods},
  author={Racugno, Walter and Salvan, Alessandra and Ventura, Laura},
  journal={Communications in Statisticsâ€”Theory and Methods},
  volume={39},
  number={19},
  pages={3444--3455},
  year={2010},
  publisher={Taylor \& Francis}
}

@article{greco2008robust,
  title={Robust likelihood functions in {B}ayesian inference},
  author={Greco, Luca and Racugno, Walter and Ventura, Laura},
  journal={Journal of Statistical Planning and Inference},
  volume={138},
  number={5},
  pages={1258--1270},
  year={2008},
  publisher={Elsevier}
}

@article{Gelman2014,
author = {Gelman, Andrew and Hwang, Jessica and Vehtari, Aki},
journal = {Statistics and Computing},
number = {6},
pages = {997--1016},
title = {{Understanding predictive information criteria for Bayesian models}},
volume = {24},
year = {2014}
}


@article{ventura2010,
  title={Default prior distributions from quasi- and quasi-profile likelihoods},
  author={Ventura, Laura and Cabras, S. and Racugno, W.},
  journal={Journal of Statistical Planning and Inference},
  volume={140},
  number={11},
  pages={2937--2942},
  year={2010},
  publisher={Elsevier}
}

@article{liang1995inference,
  title={Inference based on estimating functions in the presence of nuisance parameters},
  author={Liang, Kung-Yee and Zeger, Scott L},
  journal={Statistical Science},
  volume={10},
  number={2},
  pages={158--173},
  year={1995},
  publisher={Institute of Mathematical Statistics}
}

@article{rubin1981bayesian,
  title={The {B}ayesian bootstrap},
  author={Rubin, Donald B},
  journal={{A}nnals of {S}tatistics},
  pages={130--134},
  year={1981},
  publisher={JSTOR}
}

@article{newton1994approximate,
  title={Approximate {B}ayesian inference with the weighted likelihood bootstrap},
  author={Newton, Michael A and Raftery, Adrian E},
  journal={Journal of the Royal Statistical Society: Series B (Methodological)},
  volume={56},
  number={1},
  pages={3--26},
  year={1994},
  publisher={Wiley Online Library}
}

@article{chernozhukov2003mcmc,
  title={An {MCMC} approach to classical estimation},
  author={Chernozhukov, Victor and Hong, Han},
  journal={Journal of econometrics},
  volume={115},
  number={2},
  pages={293--346},
  year={2003},
  publisher={Elsevier}
}

@inproceedings{ventura2016pseudo,
  title={Pseudo-likelihoods for {B}ayesian inference},
  author={Ventura, Laura and Racugno, Walter},
  booktitle={Topics on methodological and applied statistical inference},
  pages={205--220},
  year={2016},
  organization={Springer}
}

@article{miller2021asymptotic,
  title={Asymptotic normality, concentration, and coverage of generalized posteriors},
  author={Miller, Jeffrey W},
  journal={The Journal of Machine Learning Research},
  volume={22},
  number={1},
  pages={7598--7650},
  year={2021},
  publisher={JMLRORG}
}

@inproceedings{huber1967under,
  title={The behavior of maximum likelihood estimates under nonstandard conditions},
  author={Huber, Peter J},
  booktitle={Proceedings of the Fifth Berkeley Symposium on Mathematical Statistics and Probability: Weather Modification; University of California Press: Berkeley, CA, USA},
  pages={221},
  year={1967}
}

@article{rigon2023generalized,
  title={A generalized {B}ayes framework for probabilistic clustering},
  author={Rigon, Tommaso and Herring, Amy H. and Dunson, David B.},
  journal={Biometrika},
  year={2023},
  volume={10},
  number={3},
  pages={559â€“578},
  publisher={Oxford University Press}
}

@article{fong2020marginal,
  title={On the marginal likelihood and cross-validation},
  author={Fong, Edwin and Holmes, Chris C},
  journal={Biometrika},
  volume={107},
  number={2},
  pages={489--496},
  year={2020},
  publisher={Oxford University Press}
}

@article{stan,
  title={Stan: {A} probabilistic programming language},
  author={Carpenter, Bob and Gelman, Andrew and Hoffman, Matthew D and Lee, Daniel and Goodrich, Ben and Betancourt, Michael and Brubaker, Marcus A and Guo, Jiqiang and Li, Peter and Riddell, Allen},
  journal={Journal of statistical software},
  volume={76},
  number={1},
  year={2017},
  publisher={NIH Public Access}
}

@article{tricker1984,
  title={Effects of rounding on the moments of a probability distribution},
  author={Tricker, AR},
  journal={Journal of the Royal Statistical Society Series D: The Statistician},
  volume={33},
  number={4},
  pages={381--390},
  year={1984},
  publisher={Oxford University Press}
}

% ----

@article{smith2009,
  title={An extended {G}aussian max-stable process model for spatial extremes},
  author={Smith, Elizabeth L and Stephenson, Alec G},
  journal={Journal of Statistical Planning and Inference},
  volume={139},
  number={4},
  pages={1266--1275},
  year={2009},
  publisher={Elsevier}
}

@article{pauli2011,
  title={Bayesian composite marginal likelihoods},
  author={Pauli, Francesco and Racugno, Walter and Ventura, Laura},
  journal={Statistica Sinica},
  pages={149--164},
  year={2011},
  publisher={JSTOR}
}

@article{ribatet2012,
  title={Bayesian inference from composite likelihoods, with an application to spatial extremes},
  author={Ribatet, Mathieu and Cooley, Daniel and Davison, Anthony C},
  journal={Statistica Sinica},
  pages={813--845},
  year={2012},
  publisher={JSTOR}
}

@article{raftery1996,
  title={Accounting for model uncertainty in survival analysis improves predictive performance},
  author={Raftery, Adrian E and Madigan, David and Volinsky, Chris T},
  journal={Bayesian Statistics},
  volume={5},
  pages={323--349},
  year={1996},
  publisher={Citeseer}
}

@article{sinha2003,
  title={A {B}ayesian justification of {C}ox's partial likelihood},
  author={Sinha, Debajyoti and Ibrahim, Joseph G and Chen, Ming-Hui},
  journal={Biometrika},
  volume={90},
  number={3},
  pages={629--641},
  year={2003},
  publisher={Oxford University Press}
}

@article{kim2009,
  title={Bayesian partial likelihood approach for tied observations},
  author={Kim, Yongdai and Kim, Dohyun},
  journal={Journal of statistical planning and inference},
  volume={139},
  number={2},
  pages={469--477},
  year={2009},
  publisher={Elsevier}
}

@article{hoff2007,
  title={Extending the rank likelihood for semiparametric copula estimation},
  author={Hoff, Peter D},
  journal={{A}nnals of {A}pplied {S}tatistics},
  volume={1},
  number={1},
  pages={265--283},
  year={2007}
}

@article{lazar2003,
  title={Bayesian empirical likelihood},
  author={Lazar, Nicole A},
  journal={Biometrika},
  volume={90},
  number={2},
  pages={319--326},
  year={2003},
  publisher={Oxford University Press}
}

@article{jewson_rossell_2022,
  title={General Bayesian loss function selection and the use of improper models},
  author={Jewson, Jack and Rossell, David},
  journal={Journal of the Royal Statistical Society Series B: Statistical Methodology},
  volume={84},
  number={5},
  pages={1640--1665},
  year={2022},
  publisher={Oxford University Press}
}

@article{lindstrom_2015_birds,
  title={Large-scale monitoring of waders on their boreal and arctic breeding grounds in northern Europe},
  author={Lindstr{\"o}m, {\AA}ke and Green, Martin and Husby, Magne and K{\aa}l{\aa}s, John Atle and Lehikoinen, Aleksi},
  journal={Ardea},
  volume={103},
  number={1},
  pages={3--15},
  year={2015},
  publisher={BioOne}
}

@book{ovaskainen2020,
  title={Joint species distribution modelling: With applications in R},
  author={Ovaskainen, Otso and Abrego, Nerea},
  year={2020},
  publisher={Cambridge University Press}
}

@article{nelder1987extended,
  title={An extended quasi-likelihood function},
  author={Nelder, John A and Pregibon, Daryl},
  journal={Biometrika},
  volume={74},
  number={2},
  pages={221--232},
  year={1987},
  publisher={Oxford University Press}
}

@article{fahrmeir1985consistency,
  title={Consistency and asymptotic normality of the maximum likelihood estimator in generalized linear models},
  author={Fahrmeir, Ludwig and Kaufmann, Heinz},
  journal={Annals of Statistics},
  volume={13},
  number={1},
  pages={342--368},
  year={1985},
  publisher={Institute of Mathematical Statistics}
}

@article{stoklosa2022overview,
  title={An overview of modern applications of negative binomial modelling in ecology and biodiversity},
  author={Stoklosa, Jakub and Blakey, Rachel V and Hui, Francis KC},
  journal={Diversity},
  volume={14},
  number={5},
  pages={320},
  year={2022},
  publisher={MDPI}
}

@article{hedenstrom1987migration,
  title={Migration routes and wintering areas of willow warblers Phylloscopus trochilus (L.) ringed in Fennoscandia},
  author={Hedenstr{\"o}m, Anders and Pettersson, Jan},
  journal={Ornis Fennica},
  volume={64},
  number={4},
  pages={137--143},
  year={1987}
}

@article{bensch2006patterns,
  title={Patterns of stable isotope signatures in willow warbler Phylloscopus trochilus feathers collected in Africa},
  author={Bensch, Staffan and Bengtsson, G{\"o}ran and {\AA}kesson, Susanne},
  journal={Journal of Avian Biology},
  volume={37},
  number={4},
  pages={323--330},
  year={2006},
  publisher={Wiley Online Library}
}

@book{svensson2018handbook,
  title={Handbook of Western palearctic birds, Volume 2: Passerines: Flycatchers to Buntings},
  author={Svensson, Lars and Shirihai, Hadoram},
  year={2018},
  publisher={Bloomsbury Publishing}
}

@article{reijnen1991effect,
  title={Effect of road traffic on the breeding site-tenacity of male Willow Warblers (Phylloscopus trochilus)},
  author={Reijnen, Rien and Foppen, Ruud},
  journal={Journal f{\"u}r Ornithologie},
  volume={132},
  pages={291--295},
  year={1991},
  publisher={Springer}
}

@article{peach1995demography,
  title={The demography of the decline in the {B}ritish willow warbler population},
  author={Peach, William J and Crick, Humphrey QP and Marchant, John H},
  journal={Journal of Applied Statistics},
  volume={22},
  number={5-6},
  pages={905--922},
  year={1995},
  publisher={Taylor \& Francis}
}

@article{remisiewicz2020climatic,
  title={Climatic variation in {A}frica and {E}urope has combined effects on timing of spring migration in a long-distance migrant {W}illow {W}arbler {P}hylloscopus trochilus},
  author={Remisiewicz, Magdalena and Underhill, Les G},
  journal={PeerJ},
  volume={8},
  pages={e8770},
  year={2020},
  publisher={PeerJ Inc.}
}

@article{hedlund2015long,
  title={Long-term phenological shifts and intra-specific differences in migratory change in the willow warbler {P}hylloscopus trochilus},
  author={Hedlund, Johanna SU and Jakobsson, Sven and Kullberg, Cecilia and Fransson, Thord},
  journal={Journal of Avian Biology},
  volume={46},
  number={1},
  pages={97--106},
  year={2015},
  publisher={Wiley Online Library}
}

@article{jakobsson1988territorial,
  title={Territorial fidelity of willow warbler (Phylloscopus trochilus) males and success in competition over territories},
  author={Jakobsson, Sven},
  journal={Behavioral Ecology and Sociobiology},
  volume={22},
  pages={79--84},
  year={1988},
  publisher={Springer}
}

@article{virkkala1991spatial,
  title={Spatial and temporal variation in bird communities and populations in north-boreal coniferous forests: a multiscale approach},
  author={Virkkala, Raimo},
  journal={Oikos},
  pages={59--66},
  year={1991},
  publisher={JSTOR}
}

@article{reijnen1994effects,
  title={The effects of car traffic on breeding bird populations in woodland. I. Evidence of reduced habitat quality for willow warblers (Phylloscopus trochilus) breeding close to a highway},
  author={Reijnen, Rien and Foppen, Ruud},
  journal={Journal of Applied ecology},
  pages={85--94},
  year={1994},
  publisher={JSTOR}
}

@article{tiainen1983dynamics,
  title={Dynamics of a local population of the Willow Warbler Phylloscopus trochilus in southern Finland},
  author={Tiainen, Juha},
  journal={Ornis Scandinavica},
  pages={1--15},
  year={1983},
  publisher={JSTOR}
}

@book{cramp1992handbook,
  title={Handbook of the birds of Europe, the Middle East and North Africa. The birds of the western Palearctic, vol. VI. Warblers},
  author={Cramp, St and Brooks, DJ},
  volume={906},
  year={1992},
  publisher={Oxford: Oxford university press}
}

@article{grunwald2020fast,
  title={{Fast rates for general unbounded loss functions: from ERM to generalized Bayes}},
  author={Gr{\"u}nwald, Peter D and Mehta, Nishant A},
  journal={The Journal of Machine Learning Research},
  volume={21},
  number={1},
  pages={2040--2119},
  year={2020},
  publisher={JMLRORG}
}

@inproceedings{heide2020safe,
  title={Safe-Bayesian generalized linear regression},
  author={de Heide, Rianne and Kirichenko, Alisa and Grunwald, Peter and Mehta, Nishant},
  booktitle={Proceedings of the Twenty Third International Conference on Artificial Intelligence and Statistics},
  pages={2623--2633},
  year={2020},
  organization={PMLR}
}

@article{zeger1992overview,
  title={An overview of methods for the analysis of longitudinal data},
  author={Zeger, Scott L and Liang, Kung-Yee},
  journal={Statistics in medicine},
  volume={11},
  number={14-15},
  pages={1825--1839},
  year={1992},
  publisher={Wiley Online Library}
}

@article{berk1966,
  title={Limiting behavior of posterior distributions when the model is incorrect},
  author={Berk, Robert H},
  journal={The Annals of Mathematical Statistics},
  volume={37},
  number={1},
  pages={51--58},
  year={1966},
  publisher={Institute of Mathematical Statistics}
}

@article{matsubara2022robust,
  title={Robust generalised Bayesian inference for intractable likelihoods},
  author={Matsubara, Takuo and Knoblauch, Jeremias and Briol, Fran{\c{c}}ois-Xavier and Oates, Chris J},
  journal={Journal of the Royal Statistical Society Series B: Statistical Methodology},
  volume={84},
  number={3},
  pages={997--1022},
  year={2022},
  publisher={Oxford University Press}
}

@article{knoblauch2022optimization,
  title={An optimization-centric view on Bayes' rule: Reviewing and generalizing variational inference},
  author={Knoblauch, Jeremias and Jewson, Jack and Damoulas, Theodoros},
  journal={Journal of Machine Learning Research},
  volume={23},
  number={132},
  pages={1--109},
  year={2022}
}

@article{matsubara2023generalized,
  title={Generalized Bayesian inference for discrete intractable likelihood},
  author={Matsubara, Takuo and Knoblauch, Jeremias and Briol, Fran{\c{c}}ois-Xavier and Oates, Chris J},
  journal={Journal of the American Statistical Association},
  pages={1--11},
  year={2023},
  publisher={Taylor \& Francis}
}


# MARTINGALE PROJECT

@article{berti_pratelli_2021,
  title={A class of models for {B}ayesian predictive inference},
  author={Berti, Patrizia and Dreassi, Emanuela and Pratelli, Luca and Rigo, Pietro},
  journal={Bernoulli},
  volume={27},
  number={1},
  pages={702--726},
  year={2021}
}

@article{fortini_petrone_2020,
  title={Quasi-{B}ayes properties of a procedure for sequential learning in mixture models},
  author={Fortini, Sandra and Petrone, Sonia},
  journal={Journal of the Royal Statistical Society Series B: Statistical Methodology},
  volume={82},
  number={4},
  pages={1087--1114},
  year={2020},
  publisher={Oxford University Press}
}

@article{fong_holmes_2023,
  title={Martingale posterior distributions},
  author={Fong, Edwin and Holmes, Chris C and Walker, Stephen G},
  journal={Journal of the Royal Statistical Society Series B: Statistical Methodology},
  volume={85},
  number={5},
  pages={1357--1391},
  year={2023}
}

@article{holmes2023statistical,
  title={Statistical inference with exchangeability and martingales},
  author={Holmes, Chris C and Walker, Stephen G},
  journal={Philosophical Transactions of the Royal Society A},
  volume={381},
  number={2247},
  pages={20220143},
  year={2023},
  publisher={The Royal Society}
}

@article{fortini2023prediction,
  title={Prediction-based uncertainty quantification for exchangeable sequences},
  author={Fortini, Sandra and Petrone, Sonia},
  journal={Philosophical Transactions of the Royal Society A},
  volume={381},
  number={2247},
  pages={20220142},
  year={2023},
  publisher={The Royal Society}
}

@article{berti2023without,
  title={Bayesian predictive inference without a prior},
  author={Berti, Patrizia and Dreassi, Emanuela and Leisen, Fabrizio and Pratelli, Luca and Rigo, Pietro},
  journal={Statistica Sinica},
  volume={34},
  number={1},
  year={2023},
  publisher={Academia Sinica, Institute of Statistical Science}
}

@article{berti2023kernel,
  title={Kernel based Dirichlet sequences},
  author={Berti, Patrizia and Dreassi, Emanuela and Leisen, Fabrizio and Pratelli, Luca and Rigo, Pietro},
  journal={Bernoulli},
  volume={29},
  number={2},
  pages={1321--1342},
  year={2023},
  publisher={Bernoulli Society for Mathematical Statistics and Probability}
}

@article{berti2023probabilistic,
  title={A Probabilistic View on Predictive Constructions for Bayesian Learning},
  author={Berti, Patrizia and Dreassi, Emanuela and Leisen, Fabrizio and Pratelli, Luca and Rigo, Pietro},
  journal={Statistical Science},
  volume={1},
  number={1},
  pages={1--15},
  year={2023},
  publisher={Institute of Mathematical Statistics}
}

@article{canale2011bayesian,
  title={Bayesian kernel mixtures for counts},
  author={Canale, Antonio and Dunson, David B},
  journal={Journal of the American Statistical Association},
  volume={106},
  number={496},
  pages={1528--1539},
  year={2011},
  publisher={Taylor \& Francis}
}

@inproceedings{crimaldi2009almost,
  title={An almost sure conditional convergence result and an application to a generalized P{\'o}lya urn},
  author={Crimaldi, Irene},
  booktitle={International Mathematical Forum},
  volume={4},
  number={23},
  pages={1139--1156},
  year={2009},
  organization={Hikari Ltd}
}

@article{crimaldi2016fluctuation,
  title={Fluctuation theorems for synchronization of interacting P{\'o}lyaâ€™s urns},
  author={Crimaldi, Irene and Dai Pra, Paolo and Minelli, Ida Germana},
  journal={Stochastic processes and their applications},
  volume={126},
  number={3},
  pages={930--947},
  year={2016},
  publisher={Elsevier}
}

@article{fortini2024exchangeability,
  title={Exchangeability, prediction and predictive modeling in Bayesian statistics},
  author={Fortini, Sandra and Petrone, Sonia},
  journal={arXiv preprint arXiv:2402.10126},
  year={2024}
}

@article{fong2024bayesian,
  title={Bayesian Quantile Estimation and Regression with Martingale Posteriors},
  author={Fong, Edwin and Yiu, Andrew},
  journal={arXiv preprint arXiv:2406.03358},
  year={2024}
}

@article{cui2024martingale,
  title={Martingale Posterior Distributions for Log-concave Density Functions},
  author={Cui, Fuheng and Walker, Stephen G},
  journal={arXiv preprint arXiv:2401.14515},
  year={2024}
}

@inproceedings{de1937prevision,
  title={La pr{\'e}vision: ses lois logiques, ses sources subjectives},
  author={De Finetti, Bruno},
  booktitle={Annales de l'institut Henri Poincar{\'e}},
  volume={7},
  number={1},
  pages={1--68},
  year={1937}
}

@article{fortini2012predictive,
  title={Predictive construction of priors in Bayesian nonparametrics},
  author={Fortini, Sandra and Petrone, Sonia},
  journal={Brazilian Journal of Probability and Statistics},
  volume={26},
  number={4},
  pages={423--449},
  year={2012}
}

@misc{aldous1983exchangeability,
  title={Exchangeability and related topics, Ecole dâ€™Et{\'e} de Saint-Flour XIII, Lectures Notes n 1117},
  author={Aldous, D.J.},
  year={1983},
  publisher={Springer Verlag}
}

@article{cifarelli1996finetti,
  title={De Finetti's contribution to probability and statistics},
  author={Cifarelli, Donato Michele and Regazzini, Eugenio},
  journal={Statistical Science},
  volume={11},
  number={4},
  pages={253--282},
  year={1996},
  publisher={JSTOR}
}

@article{fortini2000exchangeability,
  title={Exchangeability, predictive distributions and parametric models},
  author={Fortini, Sandra and Ladelli, Lucia and Regazzini, Eugenio},
  journal={Sankhy{\=a}: The Indian Journal of Statistics, Series A},
  volume={62},
  number={1},
  pages={86--109},
  year={2000},
  publisher={JSTOR}
}

@article{hahn2018recursive,
  title={On recursive Bayesian predictive distributions},
  author={Hahn, P Richard and Martin, Ryan and Walker, Stephen G},
  journal={Journal of the American Statistical Association},
  volume={113},
  number={523},
  pages={1085--1093},
  year={2018},
  publisher={Taylor \& Francis}
}

@article{kallenberg1988spreading,
  title={Spreading and predictable sampling in exchangeable sequences and processes},
  author={Kallenberg, Olav},
  journal={The Annals of Probability},
  volume={16},
  number={2},
  pages={508--534},
  year={1988},
  publisher={JSTOR}
}

@article{doob1949application,
  title={Application of the theory of martingales},
  author={Doob, Joseph L},
  journal={Actes du Colloque International Le Calcul des Probabilites et ses applications (Lyon, 28 Juin-3Juillet 1948), Paris CNRS},
  pages={23--27},
  year={1949}
}

@article{berti2004limit,
  title={Limit theorems for a class of identically distributed random variables},
  author={Berti, Patrizia and Pratelli, Luca and Rigo, Pietro},
  volume={32},
  number={3},
  pages={2029--2052},
  year={2004}
}

@article{blackwell1973ferguson,
  title={Ferguson distributions via P{\'o}lya urn schemes},
  author={Blackwell, David and MacQueen, James B},
  journal={The annals of statistics},
  volume={1},
  number={2},
  pages={353--355},
  year={1973},
  publisher={Institute of Mathematical Statistics}
}

@article{karlis2005mixed,
  title={Mixed poisson distributions},
  author={Karlis, Dimitris and Xekalaki, Evdokia},
  journal={International Statistical Review/Revue Internationale de Statistique},
  pages={35--58},
  year={2005},
  publisher={JSTOR}
}

@article{fortini2021predictive,
  title={Predictive constructions based on measure-valued P{\'o}lya urn processes},
  author={Fortini, Sandra and Petrone, Sonia and Sariev, Hristo},
  journal={Mathematics},
  volume={9},
  number={22},
  pages={2845},
  year={2021},
  publisher={MDPI}
}

@article{newton2002nonparametric,
  title={On a nonparametric recursive estimator of the mixing distribution},
  author={Newton, Michael A},
  journal={Sankhy{\=a}: The Indian Journal of Statistics, Series A},
  volume={64},
  pages={306--322},
  year={2002},
  publisher={JSTOR}
}

@article{newton1999recursive,
  title={A recursive algorithm for nonparametric analysis with missing data},
  author={Newton, Michael A and Zhang, Yunlei},
  journal={Biometrika},
  volume={86},
  number={1},
  pages={15--26},
  year={1999},
  publisher={Oxford University Press}
}

@article{dawid1984present,
  title={Present position and potential developments: Some personal views statistical theory the prequential approach},
  author={Dawid, A Philip},
  journal={Journal of the Royal Statistical Society: Series A (General)},
  volume={147},
  number={2},
  pages={278--290},
  year={1984},
  publisher={Wiley Online Library}
}

@article{hjort1994bayesian,
  title={Bayesian approaches to non-and semiparametric density estimation},
  author={Hjort, Nils Lid},
  journal={Preprint series. Statistical Research Report http://urn. nb. no/URN: NBN: no-23420},
  year={1994},
  publisher={Matematisk Institutt, Universitetet i Oslo}
}

@article{hjort1994local,
  title={Local Bayesian regression},
  author={Hjort, Nils Lid},
  journal={Preprint series. Statistical Research Report http://urn. nb. no/URN: NBN: no-23420},
  year={1994},
  publisher={Matematisk Institutt, Universitetet i Oslo}
}

@misc{robert1999monte,
  title={Monte Carlo Statistical Methods},
  author={Robert, CP},
  year={1999},
  publisher={Springer-Verlag New York}
}

@article{syring2019calibrating,
  title={Calibrating general posterior credible regions},
  author={Syring, Nicholas and Martin, Ryan},
  journal={Biometrika},
  volume={106},
  number={2},
  pages={479--486},
  year={2019},
  publisher={Oxford University Press}
}

@article{davison2001biometrika,
  title={Biometrika centenary: theory and general methodology},
  author={Davison, Anthony C},
  journal={Biometrika},
  pages={13--52},
  year={2001},
  publisher={JSTOR}
}

@book{davison2003statistical,
  title={Statistical models},
  author={Davison, Anthony Christopher},
  volume={11},
  year={2003},
  publisher={Cambridge university press}
}

@article{wu2023comparison,
  title={A comparison of learning rate selection methods in generalized Bayesian inference},
  author={Wu, Pei-Shien and Martin, Ryan},
  journal={Bayesian Analysis},
  volume={18},
  number={1},
  pages={105--132},
  year={2023},
  publisher={International Society for Bayesian Analysis}
}